<record xmlns="http://www.loc.gov/MARC21/slim" xmlns:xsi="http://www.w3.org/2001/XMLSchema-instance" xsi:schemaLocation="http://www.loc.gov/MARC21/slim http://www.loc.gov/standards/marcxml/schema/MARC21slim.xsd"><leader>01110nam a2200253   4500</leader><controlfield tag="001">001680498</controlfield><controlfield tag="003">NNU</controlfield><controlfield tag="006">m        d        </controlfield><controlfield tag="007">cr cn |||m|||a</controlfield><controlfield tag="008">140707q19041905ua      o     000 0cara d</controlfield><datafield ind1=" " ind2=" " tag="040"><subfield code="a">NNU</subfield><subfield code="b">eng</subfield><subfield code="c">NNU</subfield></datafield><datafield ind1="1" ind2=" " tag="100"><subfield code="a">Dalj&#299;, A&#7717;mad ibn &#699;Al&#299;,</subfield><subfield code="d">1368?-1434 or 5.</subfield></datafield><datafield ind1="1" ind2="3" tag="245"><subfield code="a">Al-fal&#257;kah wa-al-mafl&#363;k&#363;n</subfield><subfield code="h">[electronic resource] /</subfield><subfield code="c">ta&#700;l&#299;f A&#7717;mad ibn &#699;Al&#299; al-Dalj&#299;.</subfield></datafield><datafield ind1=" " ind2=" " tag="260"><subfield code="a">[Cairo] :</subfield><subfield code="b">Ma&#7789;ba&#699;at al-Sha&#699;b,</subfield><subfield code="c">1322 [i. e. 1904 or 1905]</subfield></datafield><datafield ind1=" " ind2=" " tag="300"><subfield code="a">online resource (145 p.)</subfield></datafield><datafield ind1=" " ind2=" " tag="500"><subfield code="a">Part of the Arabic Collections Online (ACO) project, contributed by New York Univeristy Libraries.</subfield></datafield><datafield ind1=" " ind2=" " tag="533"><subfield code="a">Electronic reproduction.</subfield><subfield code="b">New York, N.Y. :</subfield><subfield code="c">New York University,</subfield><subfield code="d">2014.</subfield><subfield code="5">NNU</subfield></datafield><datafield ind1=" " ind2="0" tag="650"><subfield code="a">Poverty</subfield><subfield code="x">Religious aspects</subfield><subfield code="x">Islam.</subfield></datafield><datafield ind1=" " ind2="0" tag="650"><subfield code="a">Soul</subfield><subfield code="x">Islam.</subfield></datafield><datafield ind1="2" ind2=" " tag="710"><subfield code="a">New York University.</subfield><subfield code="b">Libraries.</subfield></datafield><datafield ind1="0" ind2=" " tag="730"><subfield code="a">Arabic Collections Online.</subfield></datafield><datafield ind1="0" ind2="8" tag="776"><subfield code="i">Print version:</subfield><subfield code="a">Dalj&#299;, A&#7717;mad ibn &#699;Al&#299;, 1368?-1434 or 5.</subfield><subfield code="t">Al-fal&#257;kah wa-al-mafl&#363;k&#363;n</subfield><subfield code="w">(NNU)001680498</subfield></datafield><datafield ind1="4" ind2="0" tag="856"><subfield code="u">http://hdl.handle.net/2333.1/5dv41qh8</subfield></datafield><datafield ind1=" " ind2=" " tag="959"><subfield code="a">NNU</subfield><subfield code="b">WEB</subfield><subfield code="c">GENI</subfield><subfield code="t">0</subfield><subfield code="m">Electronic access</subfield><subfield code="s">01</subfield></datafield></record>